<?xml version = "1.0" encoding = "UTF-8"?><OAI-PMH xmlns="http://www.openarchives.org/OAI/2.0/" xmlns:xsi="http://www.w3.org/2001/XMLSchema-instance" xsi:schemaLocation="http://www.openarchives.org/OAI/2.0/ http://www.openarchives.org/OAI/2.0/OAI-PMH.xsd"><ListRecords><record><header><identifier>aleph-publish:020402448</identifier></header><metadata><record xmlns="http://www.ddb.de/professionell/mabxml/mabxml-1.xsd"><leader>00000nM2.01200024------h</leader><controlfield tag="LDR">00000nM2.01200024------h</controlfield><controlfield tag="FMT">MH</controlfield><datafield tag="001" ind1="-" ind2="1"><subfield code="a">CT003057982</subfield></datafield><datafield tag="002" ind1="a" ind2="1"><subfield code="a">20140526</subfield></datafield><datafield tag="021" ind1="-" ind2="1"><subfield code="a">HT004419960</subfield></datafield><datafield tag="026" ind1="-" ind2="1"><subfield code="a">HBZCT003057982</subfield></datafield><controlfield tag="030">e|1uc||||||17</controlfield><datafield tag="036" ind1="a" ind2="1"><subfield code="a">NL</subfield></datafield><controlfield tag="050">||||||||g|||||</controlfield><controlfield tag="051">m|||||||</controlfield><datafield tag="070" ind1="-" ind2="1"><subfield code="a">61</subfield></datafield><datafield tag="078" ind1="e" ind2="1"><subfield code="a">ldd</subfield><subfield code="a">vl-ulbd</subfield></datafield><datafield tag="100" ind1="-" ind2="1"><subfield code="p">Mercator, Gerhard</subfield><subfield code="d">1512-1594</subfield><subfield code="9">(DE-588)118580973</subfield></datafield><datafield tag="101" ind1="-" ind2="1"><subfield code="p">Mercator, Gerhard</subfield><subfield code="c">der Ältere</subfield><subfield code="d">1512-1594</subfield></datafield><datafield tag="101" ind1="-" ind2="1"><subfield code="p">Mercator, Gerhard</subfield><subfield code="c">the elder</subfield><subfield code="d">1512-1594</subfield></datafield><datafield tag="101" ind1="-" ind2="1"><subfield code="p">Mercatoris, Gerardi</subfield><subfield code="d">1512-1594</subfield></datafield><datafield tag="101" ind1="-" ind2="1"><subfield code="p">Kremer, Gerard</subfield><subfield code="d">1512-1594</subfield></datafield><datafield tag="101" ind1="-" ind2="1"><subfield code="p">Cremer, Gérard</subfield><subfield code="d">1512-1594</subfield></datafield><datafield tag="101" ind1="-" ind2="1"><subfield code="p">Cremer, Gerard &lt;&lt;de&gt;&gt;</subfield><subfield code="d">1512-1594</subfield></datafield><datafield tag="101" ind1="-" ind2="1"><subfield code="p">Cremers, Gerhardus</subfield><subfield code="d">1512-1594</subfield></datafield><datafield tag="101" ind1="-" ind2="1"><subfield code="p">Cramer, Gerhard</subfield><subfield code="d">1512-1594</subfield></datafield><datafield tag="101" ind1="-" ind2="1"><subfield code="p">Rupelmundano, Gerardo Mercatore</subfield><subfield code="d">1512-1594</subfield></datafield><datafield tag="101" ind1="-" ind2="1"><subfield code="p">Mercatore Rupelmundano, Gerardo</subfield><subfield code="d">1512-1594</subfield></datafield><datafield tag="101" ind1="-" ind2="1"><subfield code="p">Mercator, Gerhardus</subfield><subfield code="d">1512-1594</subfield></datafield><datafield tag="101" ind1="-" ind2="1"><subfield code="p">Mercator, Gerard</subfield><subfield code="d">1512-1594</subfield></datafield><datafield tag="101" ind1="-" ind2="1"><subfield code="p">Mercator, Gerardus</subfield><subfield code="d">1512-1594</subfield></datafield><datafield tag="101" ind1="-" ind2="1"><subfield code="p">Kremer, Gerhard</subfield><subfield code="d">1512-1594</subfield></datafield><datafield tag="101" ind1="-" ind2="1"><subfield code="p">Kremer, Gerhard</subfield><subfield code="c">der Ältere</subfield><subfield code="d">1512-1594</subfield></datafield><datafield tag="104" ind1="b" ind2="1"><subfield code="p">Hondius, Jodocus</subfield><subfield code="d">1563-1612</subfield><subfield code="b">[Hrsg.]</subfield><subfield code="9">(DE-588)119072149</subfield></datafield><datafield tag="105" ind1="-" ind2="1"><subfield code="p">Hondius, Jodocus</subfield><subfield code="n">I.</subfield><subfield code="d">1563-1612</subfield></datafield><datafield tag="105" ind1="-" ind2="1"><subfield code="p">Hondy, Iudocus</subfield><subfield code="d">1563-1612</subfield></datafield><datafield tag="105" ind1="-" ind2="1"><subfield code="p">Hondius, I.</subfield><subfield code="d">1563-1612</subfield></datafield><datafield tag="105" ind1="-" ind2="1"><subfield code="p">Hondius, Iodocus</subfield><subfield code="d">1563-1612</subfield></datafield><datafield tag="105" ind1="-" ind2="1"><subfield code="p">Hondius, Judocus</subfield><subfield code="d">1563-1612</subfield></datafield><datafield tag="105" ind1="-" ind2="1"><subfield code="p">Hondt, Joost &lt;&lt;de&gt;&gt;</subfield><subfield code="d">1563-1612</subfield></datafield><datafield tag="105" ind1="-" ind2="1"><subfield code="p">Hondt, Josse</subfield><subfield code="d">1563-1612</subfield></datafield><datafield tag="105" ind1="-" ind2="1"><subfield code="p">Hondius, Joße</subfield><subfield code="d">1563-1612</subfield></datafield><datafield tag="105" ind1="-" ind2="1"><subfield code="p">Hondius, Ioße</subfield><subfield code="d">1563-1612</subfield></datafield><datafield tag="105" ind1="-" ind2="1"><subfield code="p">Hoondt, Josse &lt;&lt;de&gt;&gt;</subfield><subfield code="d">1563-1612</subfield></datafield><datafield tag="105" ind1="-" ind2="1"><subfield code="p">Hondt, Josse &lt;&lt;de&gt;&gt;</subfield><subfield code="d">1563-1612</subfield></datafield><datafield tag="105" ind1="-" ind2="1"><subfield code="p">Hondy, Judocus</subfield><subfield code="d">1563-1612</subfield></datafield><datafield tag="105" ind1="-" ind2="1"><subfield code="p">Hondius, Joducus</subfield><subfield code="d">1563-1612</subfield></datafield><datafield tag="108" ind1="b" ind2="1"><subfield code="p">Uffenbach, Peter</subfield><subfield code="b">[Übers.]</subfield><subfield code="9">(DE-588)160046254</subfield></datafield><datafield tag="109" ind1="-" ind2="1"><subfield code="p">Uffenbachius, Petrus</subfield></datafield><datafield tag="304" ind1="b" ind2="1"><subfield code="a">Atlas minor &lt;dt.&gt;</subfield></datafield><datafield tag="331" ind1="-" ind2="1"><subfield code="a">Atlas minor, das ist ein kurtze, jedoch gründtliche Beschreibung der gantzen Welt</subfield></datafield><datafield tag="334" ind1="-" ind2="1"><subfield code="a">Elektronische Ressource</subfield></datafield><datafield tag="359" ind1="-" ind2="1"><subfield code="a">durch J[odocus] Hondius vermehrt. Übers. von Peter Uffenbach</subfield></datafield><datafield tag="410" ind1="-" ind2="1"><subfield code="a">Amsterodami</subfield></datafield><datafield tag="412" ind1="-" ind2="1"><subfield code="a">Nicolai</subfield></datafield><datafield tag="415" ind1="-" ind2="1"><subfield code="a">Arnhemi</subfield></datafield><datafield tag="417" ind1="-" ind2="1"><subfield code="a">Janssonius</subfield></datafield><datafield tag="425" ind1="a" ind2="1"><subfield code="a">1609</subfield></datafield><datafield tag="433" ind1="-" ind2="1"><subfield code="a">14 Bl., 676 S., 9 Bl.</subfield></datafield><datafield tag="516" ind1="-" ind2="1"><subfield code="a">Aus dem Lat. übers.</subfield></datafield><datafield tag="552" ind1="b" ind2="1"><subfield code="a">urn:nbn:de:hbz:061:1-387545</subfield></datafield><datafield tag="610" ind1="-" ind2="1"><subfield code="a">Digitalisierte Ausg.</subfield></datafield><datafield tag="611" ind1="a" ind2="1"><subfield code="a">Düsseldorf</subfield></datafield><datafield tag="613" ind1="a" ind2="1"><subfield code="a">Universitäts- und Landesbibliothek</subfield></datafield><datafield tag="619" ind1="a" ind2="1"><subfield code="a">2014</subfield></datafield><datafield tag="621" ind1="-" ind2="1"><subfield code="a">Digitale Sammlungen der Universitäts- und Landesbibliothek Düsseldorf</subfield></datafield><datafield tag="652" ind1="a" ind2="1"><subfield code="a">Online-Ressource</subfield></datafield><datafield tag="655" ind1="e" ind2="1"><subfield code="q">text/html</subfield><subfield code="u">http://nbn-resolving.de/urn:nbn:de:hbz:061:1-387545</subfield><subfield code="x">Resolving-System</subfield><subfield code="z">kostenfrei</subfield><subfield code="3">Volltext</subfield></datafield><datafield tag="673" ind1="a" ind2="1"><subfield code="a">Amsterdam</subfield></datafield><datafield tag="673" ind1="a" ind2="1"><subfield code="a">Arnheim</subfield></datafield><datafield tag="675" ind1="-" ind2="1"><subfield code="a">kurze gründliche ganzen</subfield></datafield><controlfield tag="SYS">020402448</controlfield><datafield tag="LOW" ind1="-" ind2="1"><subfield code="a">L0001</subfield></datafield><datafield tag="088" ind1=" " ind2=" "><subfield code="a">51</subfield></datafield></record></metadata></record></ListRecords></OAI-PMH>